{
  "leader": "02632cam a2200421 a 4500",
  "fields": [
    {
      "001": "ocm26763613\\"
    },
    {
      "003": "OCoLC"
    },
    {
      "005": "20220106151809.0"
    },
    {
      "008": "920917s1993\\\\\\\\miua\\\\\\\\\\b\\\\\\\\001\\0\\eng\\\\"
    },
    {
      "010": {
        "ind1": "\\",
        "ind2": "\\",
        "subfields": [
          {
            "a": "   92036235 "
          }
        ]
      }
    },
    {
      "040": {
        "ind1": "\\",
        "ind2": "\\",
        "subfields": [
          {
            "a": "DLC"
          },
          {
            "b": "eng"
          },
          {
            "c": "DLC"
          },
          {
            "d": "NLGGC"
          },
          {
            "d": "BAKER"
          },
          {
            "d": "BTCTA"
          },
          {
            "d": "YDXCP"
          },
          {
            "d": "OCLCG"
          },
          {
            "d": "ZCU"
          },
          {
            "d": "GEBAY"
          },
          {
            "d": "BDX"
          },
          {
            "d": "OCLCO"
          },
          {
            "d": "OCLCF"
          },
          {
            "d": "OCLCQ"
          },
          {
            "d": "OCLCO"
          },
          {
            "d": "OCLCQ"
          },
          {
            "d": "DEBBG"
          },
          {
            "d": "FC@"
          },
          {
            "d": "IOG"
          },
          {
            "d": "OCLCO"
          }
        ]
      }
    },
    {
      "016": {
        "ind1": "7",
        "ind2": "\\",
        "subfields": [
          {
            "a": "BA20909738"
          },
          {
            "2": "JP-ToKJK"
          }
        ]
      }
    },
    {
      "020": {
        "ind1": "\\",
        "ind2": "\\",
        "subfields": [
          {
            "a": "0472102702"
          },
          {
            "q": "(alk. paper)"
          }
        ]
      }
    },
    {
      "020": {
        "ind1": "\\",
        "ind2": "\\",
        "subfields": [
          {
            "a": "9780472102709"
          },
          {
            "q": "(alk. paper)"
          }
        ]
      }
    },
    {
      "035": {
        "ind1": "\\",
        "ind2": "\\",
        "subfields": [
          {
            "a": "(OCoLC)26763613"
          }
        ]
      }
    },
    {
      "043": {
        "ind1": "\\",
        "ind2": "\\",
        "subfields": [
          {
            "a": "n-us---"
          }
        ]
      }
    },
    {
      "050": {
        "ind1": "0",
        "ind2": "0",
        "subfields": [
          {
            "a": "H62.A1"
          },
          {
            "b": "F57 1993"
          }
        ]
      }
    },
    {
      "082": {
        "ind1": "0",
        "ind2": "0",
        "subfields": [
          {
            "a": "300.72073"
          },
          {
            "b": "FIS"
          }
        ]
      }
    },
    {
      "100": {
        "ind1": "1",
        "ind2": "\\",
        "subfields": [
          {
            "a": "Fisher, Donald,"
          },
          {
            "d": "1944-"
          }
        ]
      }
    },
    {
      "245": {
        "ind1": "1",
        "ind2": "0",
        "subfields": [
          {
            "a": "Fundamental development of the social sciences :"
          },
          {
            "b": "Rockefeller philanthropy and the United States Social Science Research Council /"
          },
          {
            "c": "Donald Fisher."
          }
        ]
      }
    },
    {
      "260": {
        "ind1": "\\",
        "ind2": "\\",
        "subfields": [
          {
            "a": "Ann Arbor :"
          },
          {
            "b": "University of Michigan Press,"
          },
          {
            "c": "\u00a91993."
          }
        ]
      }
    },
    {
      "300": {
        "ind1": "\\",
        "ind2": "\\",
        "subfields": [
          {
            "a": "xiv, 343 pages :"
          },
          {
            "b": "illustrations ;"
          },
          {
            "c": "24 cm"
          }
        ]
      }
    },
    {
      "336": {
        "ind1": "\\",
        "ind2": "\\",
        "subfields": [
          {
            "a": "text"
          },
          {
            "b": "txt"
          },
          {
            "2": "rdacontent"
          }
        ]
      }
    },
    {
      "337": {
        "ind1": "\\",
        "ind2": "\\",
        "subfields": [
          {
            "a": "unmediated"
          },
          {
            "b": "n"
          },
          {
            "2": "rdamedia"
          }
        ]
      }
    },
    {
      "338": {
        "ind1": "\\",
        "ind2": "\\",
        "subfields": [
          {
            "a": "volume"
          },
          {
            "b": "nc"
          },
          {
            "2": "rdacarrier"
          }
        ]
      }
    },
    {
      "504": {
        "ind1": "\\",
        "ind2": "\\",
        "subfields": [
          {
            "a": "Includes bibliographical references (pages 277-309) and index."
          }
        ]
      }
    },
    {
      "505": {
        "ind1": "0",
        "ind2": "\\",
        "subfields": [
          {
            "t": "Abbreviations --"
          },
          {
            "g": "Ch. 1"
          },
          {
            "t": "Introduction"
          },
          {
            "g": "(starting p. 1) --"
          },
          {
            "g": "Ch. 2"
          },
          {
            "t": "Creation and Organization of the Council"
          },
          {
            "g": "(starting p. 27) --"
          },
          {
            "g": "Ch. 3"
          },
          {
            "t": "Expansion and Growth of the Council: The Gilded Age"
          },
          {
            "g": "(starting p. 67) --"
          },
          {
            "g": "Ch. 4"
          },
          {
            "t": "Consolidation and Retrenchment, 1930-36"
          },
          {
            "g": "(starting p. 115) --"
          },
          {
            "g": "Ch. 5"
          },
          {
            "t": "Self-Criticism, Reconstruction, and Planning, 1937-45"
          },
          {
            "g": "(starting p. 167) --"
          },
          {
            "g": "Ch. 6"
          },
          {
            "t": "The Impact of the SSRC on the Social Sciences in North America: Changing the Boundaries"
          },
          {
            "g": "(starting p. 199) --"
          },
          {
            "g": "Ch. 7"
          },
          {
            "t": "Conclusion"
          },
          {
            "g": "(starting p. 229) --"
          },
          {
            "t": "Appendix 1"
          },
          {
            "g": "(starting p. 253) --"
          },
          {
            "t": "Appendix 2"
          },
          {
            "g": "(starting p. 255) --"
          },
          {
            "t": "Selected Bibliography"
          },
          {
            "g": "(starting p. 277) --"
          },
          {
            "t": "Index"
          },
          {
            "g": "(starting p. 311)"
          }
        ]
      }
    },
    {
      "610": {
        "ind1": "2",
        "ind2": "0",
        "subfields": [
          {
            "a": "Social Science Research Council (U.S.)"
          },
          {
            "x": "History."
          }
        ]
      }
    },
    {
      "610": {
        "ind1": "2",
        "ind2": "7",
        "subfields": [
          {
            "a": "Social Science Research Council (U.S.)"
          },
          {
            "2": "fast"
          },
          {
            "0": "(OCoLC)fst00549825"
          }
        ]
      }
    },
    {
      "650": {
        "ind1": "\\",
        "ind2": "0",
        "subfields": [
          {
            "a": "Social sciences"
          },
          {
            "x": "Research"
          },
          {
            "z": "United States"
          },
          {
            "x": "History."
          }
        ]
      }
    },
    {
      "650": {
        "ind1": "\\",
        "ind2": "7",
        "subfields": [
          {
            "a": "Social sciences"
          },
          {
            "x": "Research."
          },
          {
            "2": "fast"
          },
          {
            "0": "(OCoLC)fst01122944"
          }
        ]
      }
    },
    {
      "651": {
        "ind1": "\\",
        "ind2": "7",
        "subfields": [
          {
            "a": "United States."
          },
          {
            "2": "fast"
          },
          {
            "0": "(OCoLC)fst01204155"
          }
        ]
      }
    },
    {
      "655": {
        "ind1": "\\",
        "ind2": "7",
        "subfields": [
          {
            "a": "History."
          },
          {
            "2": "fast"
          },
          {
            "0": "(OCoLC)fst01411628"
          }
        ]
      }
    },
    {
      "776": {
        "ind1": "0",
        "ind2": "8",
        "subfields": [
          {
            "i": "Online version:"
          },
          {
            "a": "Fisher, Donald, 1944-"
          },
          {
            "t": "Fundamental development of the social sciences."
          },
          {
            "d": "Ann Arbor : University of Michigan Press, \u00a91993"
          },
          {
            "w": "(OCoLC)654638875"
          }
        ]
      }
    },
    {
      "856": {
        "ind1": "\\",
        "ind2": "\\",
        "subfields": [
          {
            "u": "http://bvbr.bib-bvb.de:8991/F?func=service&doc_library=BVB01&local_base=BVB01&doc_number=005503309&line_number=0001&func_code=DB_RECORDS&service_type=MEDIA"
          },
          {
            "z": "Inhaltsverzeichnis"
          }
        ]
      }
    },
    {
      "994": {
        "ind1": "\\",
        "ind2": "\\",
        "subfields": [
          {
            "a": "Z0"
          },
          {
            "b": "NYRVC"
          }
        ]
      }
    },
    {
      "948": {
        "ind1": "\\",
        "ind2": "\\",
        "subfields": [
          {
            "h": "NO HOLDINGS IN NYRVC - 359 OTHER HOLDINGS"
          }
        ]
      }
    },
    {
      "999": {
        "ind1": "\\",
        "ind2": "\\",
        "subfields": [
          {
            "a": "00000000015106"
          }
        ]
      }
    }
  ]
}